@misc{ode45,
	title = {ode45},
	author = {MathWorks}, 
	howpublished = {\url{https://www.mathworks.com/help/matlab/ref/ode45.html} },
	month = {Feb}, 
	year = {2021}
}
@misc{choose_ode,
	title = {Choose an ODE Solver},
	author = {MathWorks}, 
	howpublished = {\url{https://www.mathworks.com/help/matlab/math/choose-an-ode-solver.html} },
	month = {Feb}, 
	year = { 2021 }
}
@misc{odeset,
	title = {odeset},
	author = {MathWorks}, 
	howpublished = {\url{https://www.mathworks.com/help/matlab/ref/odeset.html} },
	month = {Feb}, 
	year = { 2021 }
}
@book{bate_astrodynamics,
	author 		= {Donald D. Mueller, Jerry White, and Roger R. Bate}, 
	title 		= {Fundamentals of Astrodynamics}, 
	year      	= {1971},
	publisher 	= {Dover Publications, Inc.}
}